@article{ref_article1,
	author = {Author, F.},
	title = {Article title},
	journal = {Journal},
	year = {2016},
	issue = {2},
	issue = {5},
	pages = {99--110},
}

@book{ref_book1,
	author = {Author, F. and Author, S. and Author, T.},
	title = {Book title},
	date = {1999},
	edition = {2nd},
	publisher = {Publisher},
	location = {Location},
}

@inproceedings{ref_proc1,
	title = {Contribution title},
	author = {Author, A.-B.},
	booktitle = {9th International Proceedings on Proceedings},
	year = {2019},
	pages = {1--2},
}

@online{ref_url1,
	title = {Service Computing Department Homepage},
	date = {4 Oct 2017},
	url = {https://www.iaas.uni-stuttgart.de/en/department-service-computing/},
}

@article{indoor_polutionCO2,
author = {Satish, Usha and Mendell, Mark and Shekhar, Krishnamurthy and Hotchi, Toshifumi and Sullivan, Douglas and Streufert, Siegfried and Fisk, William},
year = {2012},
month = {09},
pages = {},
title = {Is CO2 an Indoor Pollutant? Direct Effects of Low-to-Moderate CO2 Concentrations on Human Decision-Making Performance},
volume = {120},
journal = {Environmental health perspectives},
doi = {10.1289/ehp.1104789}
}

@article{indoor_noiselight,
author = {Roper, Kathy and Juneja, Parminder},
year = {2008},
month = {05},
pages = {91-109},
title = {Distractions in the workplace revisited},
volume = {6},
journal = {Journal of Facilities Management},
doi = {10.1108/14725960810872622}
}

@article{employee_wellbeingimportant,
author = {Page, Kathryn and Vella-Brodrick, Dianne},
year = {2009},
month = {02},
pages = {441-458},
title = {The ‘What’, ‘Why’ and ‘How’ of Employee Well-Being: A New Model},
volume = {90},
journal = {Social Indicators Research},
doi = {10.1007/s11205-008-9270-3}
}